@article{FelderArticle,
author = {Felder, Richard},
year = {1988},
month = {01},
pages = {674-681},
title = {Learning and Teaching Styles in Engineering Education},
volume = {78},
journal = {Journal of Engineering Education -Washington-}
}

@INPROCEEDINGS{AdaptiveEL,  author={M. A. {Sethi} and S. S. {Lomte} and U. B. {Shinde}},  booktitle={2016 3rd International Conference on Computing for Sustainable Global Development (INDIACom)},   title={Adaptive eLearning system for visual and verbal learners},   year={2016},  volume={},  number={},  pages={1302-1306},  doi={}}

@INPROCEEDINGS{InstructionalD,  author={L. {Joseph} and S. {Abraham}},  booktitle={2017 International Conference on Networks   Advances in Computational Technologies (NetACT)},   title={Instructional design for learning path identification in an e-learning environment using felder-silverman learning styles model},   year={2017},  volume={},  number={},  pages={215-220},  doi={10.1109/NETACT.2017.8076769}}